<?xml version="1.0" encoding="UTF-8"?><collection xmlns="http://www.loc.gov/MARC21/slim"><record><leader>00567nam--2200193-u-4500</leader><controlfield tag="001">000052340</controlfield><controlfield tag="002">20161230</controlfield><controlfield tag="005">20161230201050</controlfield><controlfield tag="008">100622s1000------------r-----000-0-eng-d</controlfield><datafield ind1=" " ind2=" " tag="040"><subfield code="a">IFIN-HH</subfield></datafield><datafield ind1=" " ind2=" " tag="080"><subfield code="a">531</subfield></datafield><datafield ind1="1" ind2=" " tag="100"><subfield code="a">Lindsay, Robert Bruce</subfield></datafield><datafield ind1="1" ind2="0" tag="245"><subfield code="a">Physical Mechanics</subfield><subfield code="b">An Intermediate Text for Students of the Physical Sciences</subfield><subfield code="c">Robert Bruce Lindsay</subfield></datafield><datafield ind1=" " ind2=" " tag="250"><subfield code="a">Second Edition</subfield></datafield><datafield ind1=" " ind2=" " tag="260"><subfield code="a">Toronto</subfield><subfield code="b">D.van Nostrand Company, Inc</subfield><subfield code="c">1950</subfield></datafield><datafield ind1=" " ind2=" " tag="300"><subfield code="a">451 p</subfield></datafield><datafield ind1=" " ind2=" " tag="490"><subfield code="a">University Physics Series</subfield></datafield><datafield ind1=" " ind2=" " tag="852"><subfield code="a">10562</subfield><subfield code="c">531</subfield></datafield><datafield ind1=" " ind2=" " tag="CAT"><subfield code="a">Sys</subfield><subfield code="c">20100622</subfield><subfield code="h">105754</subfield></datafield></record></collection>